[gd_scene load_steps=19 format=2]

[ext_resource path="res://skins/transi.ssc" type="SoftskinCache" id=1]
[ext_resource path="res://models/softskin-transi.mesh" type="ArrayMesh" id=2]
[ext_resource path="res://textures/vapours/c3dfa38815981ab4_bw.png" type="Texture" id=3]
[ext_resource path="res://textures/amrble_normal_1e9c9cab342481916115270922640a9a.jpg" type="Texture" id=4]
[ext_resource path="res://textures/vapours/e8a5ab42f6528837.png" type="Texture" id=5]
[ext_resource path="res://textures/4979-normal.jpg" type="Texture" id=6]

[sub_resource type="SoftskinProxy" id=1]

cache = ExtResource( 1 )
mesh = ExtResource( 2 )

[sub_resource type="SpatialMaterial" id=2]

params_cull_mode = 1
albedo_color = Color( 0.47451, 0.478431, 0.352941, 1 )

[sub_resource type="SpatialMaterial" id=3]

next_pass = SubResource( 2 )
albedo_color = Color( 0.823529, 0.839216, 0.682353, 1 )
albedo_texture = ExtResource( 3 )
roughness = 0.28
normal_enabled = true
normal_scale = -1.7
normal_texture = ExtResource( 4 )
ao_enabled = true
ao_light_affect = 1.0
ao_on_uv2 = false
ao_texture_channel = 0
uv1_scale = Vector3( 4, 4, 3 )

[sub_resource type="Environment" id=4]

background_mode = 1
ambient_light_color = Color( 0.384314, 0.192157, 0, 1 )
ambient_light_energy = 0.1
fog_enabled = true
fog_color = Color( 0, 0, 0, 1 )
fog_sun_color = Color( 0, 1, 0.952941, 1 )
fog_depth_begin = 15.0
fog_depth_end = 342.9
fog_depth_curve = 0.34151
fog_transmit_enabled = true
auto_exposure_scale = 0.86
auto_exposure_max_luma = 7.43
auto_exposure_speed = 7.78
glow_enabled = true
glow_intensity = 1.09
glow_strength = 1.04
glow_bloom = 0.69
glow_blend_mode = 1
glow_hdr_threshold = 0.63
glow_hdr_luminance_cap = 3.0
glow_bicubic_upscale = true
adjustment_enabled = true
adjustment_brightness = 1.29
adjustment_saturation = 1.17

[sub_resource type="SpatialMaterial" id=5]

flags_transparent = true
vertex_color_use_as_albedo = true
params_depth_draw_mode = 2
albedo_color = Color( 1, 1, 1, 0.08 )
albedo_texture = ExtResource( 5 )
metallic_specular = 1.0
roughness = 0.0
normal_enabled = true
normal_scale = -16.0
normal_texture = ExtResource( 6 )
uv1_scale = Vector3( 7, 7, 7 )

[sub_resource type="Gradient" id=6]

offsets = PoolRealArray( 0, 0.377778, 0.782222, 1 )
colors = PoolColorArray( 1, 1, 1, 0, 1, 1, 1, 0.89, 1, 1, 1, 1, 0, 0, 0, 0 )

[sub_resource type="GradientTexture" id=7]

gradient = SubResource( 6 )

[sub_resource type="FutariMaterial" id=8]

emission_shape = 2
emission_cylinder_radius = 21.68
emission_cylinder_height = 35.45
flag_rotate_X = true
flag_rotate_y = true
flag_rotate_z = true
flag_messy_orientation = true
spread = 180.0
gravity = Vector3( 0, -0.2, 0 )
angular_velocity = 0.457275
angle = 0.1
angle_random = 0.4
angle_x_mult = 0.031
angle_y_mult = -0.554
angle_z_mult = -0.077
scale = 1.8
color_ramp = SubResource( 7 )

[sub_resource type="CubeMesh" id=9]

size = Vector3( 1.17, 1.16, 1.17 )

[sub_resource type="SpatialMaterial" id=10]

flags_unshaded = true
albedo_color = Color( 1, 0.847059, 0.494118, 1 )

[sub_resource type="CylinderMesh" id=11]

height = 0.1

[sub_resource type="SpatialMaterial" id=12]

flags_unshaded = true
albedo_color = Color( 0, 0, 0, 1 )

[node name="Spatial" type="Spatial"]

[node name="env" type="WorldEnvironment" parent="."]
environment = SubResource( 4 )

[node name="spot" type="SpotLight" parent="."]
transform = Transform( 0.838952, -0.367082, 0.40176, 0, 0.738249, 0.674528, -0.544206, -0.565896, 0.619356, 18.1484, 41.5631, 25.4061 )
light_energy = 4.9
light_specular = 1.0
shadow_enabled = true
spot_range = 112.7
spot_attenuation = 1.03527
spot_angle = 14.8814
spot_angle_attenuation = 0.210224

[node name="fog" type="FutariParticles" parent="spot"]
transform = Transform( 1, -5.96046e-08, 0, 0, -1.19209e-07, -1, 2.98023e-08, 1, 0, 1.66893e-06, 3.8147e-06, -56.927 )
material_override = SubResource( 5 )
amount = 13001
lifetime = 5.0
visibility_aabb = AABB( -100, -100, -100, 200, 200, 200 )
process_material = SubResource( 8 )
draw_pass_1 = SubResource( 9 )

[node name="glob" type="MeshInstance" parent="spot"]
transform = Transform( 1, 0, 0, 0, -4.37114e-08, -1, 0, 1, -4.37114e-08, 0, 0, 0 )
material_override = SubResource( 10 )
cast_shadow = 0
mesh = SubResource( 11 )
material/0 = null

[node name="glob2" type="MeshInstance" parent="spot"]
transform = Transform( 1.1, -5.72205e-06, -1.19209e-07, -1.19209e-07, -9.05991e-06, -1.1, 0, 20, 0, -3.8147e-06, -1.90735e-06, 0.992981 )
material_override = SubResource( 12 )
cast_shadow = 0
mesh = SubResource( 11 )
material/0 = null

